
% ------------------------------------------------------------------------

@BOOK{zimanphonons,
   author = "Ziman, John M.",
   title= "Electrons and phonons: the theory of transport phenomena in solids.",
   publisher = "Oxford university press",
   year = 1960 }
   
@book{Ziman,
  title={Principles of the Theory of Solids},
  author={Ziman, John M},
  year={1972},
  publisher={Cambridge university press}
}
  
@BOOK{VolzSeba,
   author = "Volz, Sebastian, ed.",
   title= "Thermal nanosystems and nanomaterials.",
   publisher = "Springer",
   year = 2009 }

@BOOK{Ashcroft,
   author = "N. Ashcroft and N. Mermin",
   title= "Solid State Physics.",
   publisher = "Saunders College Publishers,Philadelphia",
   year = 1976 }
   
@BOOK{Datta,
   author = "S. Datta",
   title= "Quantum Transport: Atom to Transistor.",
   publisher = "Cambridge University Press , New York",
   year = 2005 }
   
@BOOK{Statisticalmechanics,
   author = "Landau, Lev Davidovich, and Evgenii M. Lifshitz",
   title= "Statistical Physics: V. 5: Course of Theoretical Physics. ",
   publisher = " Pergamon press",
   year = 1969 }
   
@book{Lan,
  title={A guide to Monte Carlo simulations in statistical physics},
  author={Landau, David P and Binder, Kurt},
  year={2014},
  publisher={Cambridge university press}
}

@book{HT,
  title={Heat transfer physics},
  author={Kaviany, Massoud},
  year={2014},
  publisher={Cambridge University Press}
}

@book{Thermal,
  title={Thermal radiation heat transfer},
  author={Howell, John R and Menguc, M Pinar and Siegel, Robert},
  year={2010},
  publisher={CRC press}
}

@book{New,
  title={Monte Carlo Methods in Statistical Physics},
  author={Murthy, K},
  year={2004},
  publisher={Universities Press}
}

@article{hollandanalysis,
  title={Analysis of lattice thermal conductivity},
  author={Holland, MG},
  journal={Physical Review},
  volume={132},
  number={6},
  pages={2461},
  year={1963},
  publisher={APS}
}

@article{monte1,
  title={Monte Carlo transient phonon transport in silicon and germanium at nanoscales},
  author={Lacroix, David and Joulain, Karl and Lemonnier, Denis},
  journal={Physical Review B},
  volume={72},
  number={6},
  pages={064305},
  year={2005},
  publisher={APS}
}

@article{monte2,
  title={Monte Carlo simulation of steady-state microscale phonon heat transport},
  author={Randrianalisoa, Jaona and Baillis, Dominique},
  journal={Journal of Heat Transfer},
  volume={130},
  number={7},
  pages={072404},
  year={2008},
  publisher={American Society of Mechanical Engineers}
}


@article{chen2005monte,
  title={Monte Carlo simulation of silicon nanowire thermal conductivity},
  author={Chen, Yunfei and Li, Deyu and Lukes, Jennifer R and Majumdar, Arun},
  journal={Journal of Heat Transfer},
  volume={127},
  number={10},
  pages={1129--1137},
  year={2005},
  publisher={American Society of Mechanical Engineers}
}

% ------------------------------------------------------------------------
@article{Super,
  title={Thermal conductivity and ballistic-phonon transport in the cross-plane direction of superlattices},
  author={Chen, Gang},
  journal={Physical Review B},
  volume={57},
  number={23},
  pages={14958},
  year={1998},
  publisher={APS}
}

@article{Acta,
  title={Monte Carlo simulation of phonon ballistic diffusive heat conduction in silicon nanofilm},
  author={Hua, Yu-Chao and Dong, Yuan and Cao, Bing-Yang},
  year={2013}
}



@ARTICLE{Hochbaum1,
 author={Hochbaum, Allon I., et al.},
 title={Enhanced thermoelectric performance of rough silicon nanowires.},
 journal={Nature},
 volume={451(7175)},
 year={2008},
 pages={163-167},
}

@ARTICLE{ChenRenkun,
 author={Chen, Renkun, et al.},
 title={Thermal conductance of thin silicon nanowires.},
 journal={Physical review letters},
 volume={101.10},
 year={2008},
 pages={105501},
}


@ARTICLE{Volz1,
 author={Volz, Sebastian, et al.},
 title={Heat conduction in nanostructured materials.},
 journal={ournal of Thermal Science and Technology },
 volume={11.1 },
 year={2016},
}

@ARTICLE{kazan,
 author={Kazan, M., et al.},
 title={Thermal conductivity of silicon bulk and nanowires: Effects of isotopic composition, phonon confinement, and surface roughness.},
 journal={Journal of Applied Physics },
 volume={107.8},
 year={2010},
 pages={083503.},
}

@ARTICLE{Montroll,
 author={Montroll, Elliott W.},
 title={Size effect in low temperature heat capacities.},
 journal={The Journal of Chemical Physics},
 volume={18.2 },
 year={1950},
 pages={183-185.},
}

@ARTICLE{Baltes,
 author={Baltes, H. P., and E. R. Hilf.},
 title={Specific heat of lead grains.},
 journal={Solid State Communications },
 volume={12.5},
 year={1973},
 pages={369-373.},
}



@ARTICLE{Luckyanova,
 author={Luckyanova, Maria N., et al.},
 title={Coherent phonon heat conduction in superlattices.},
 journal={Science },
 volume={338.6109},
 year={2012},
 pages={936-939.},
}

@ARTICLE{Ravichandran,
 author={Ravichandran, Jayakanth, et al.},
 title={Crossover from incoherent to coherent phonon scattering in epitaxial oxide superlattices.},
 journal={Nature materials  },
 volume={13.2 },
 year={2014},
 pages={168.},
}

@ARTICLE{Ward,
 author={Ward, Alistair, et al.},
 title={Ab initio theory of the lattice thermal conductivity in diamond.},
 journal={Physical Review B  },
 volume={80.12 },
 year={2009},
 pages={125203.},
}

@ARTICLE{Ladd,
 author={Ladd, Anthony JC, Bill Moran, and William G. Hoover. },
 title={Lattice thermal conductivity: A comparison of molecular dynamics and anharmonic lattice dynamics.},
 journal={Physical Review B  },
 volume={34.8 },
 year={1986},
 pages={5058.},
}

@ARTICLE{Volz2,
 author={Volz, Sebastian, et al.},
 title={Transient Fourier-law deviation by molecular dynamics in solid argon.},
 journal={Physical Review B  },
 volume={54.1 },
 year={1996},
 pages={340.},
}

@ARTICLE{ATF,
 author={Zhang, Wei, T. S. Fisher, and Natalio Mingo.},
 title={The atomistic Green's function method: An efficient simulation approach for nanoscale phonon transport.},
 journal={Numerical Heat Transfer, Part B: Fundamentals  },
 volume={51.4 },
 year={2007},
 pages={333-349.},
}

@ARTICLE{ReviewATF,
 author={Sadasivam, Sridhar, et al.},
 title={The atomistic Green’s function method for interfacial phonon transport.},
 journal={Ann. Rev. Heat Transfer },
 volume={17 },
 year={2014},
 pages={89-145.},
}


@ARTICLE{MD1,
 author={D. Poulikakos , S. Arcidiacono , and S. Maruyama.},
 title={Molecular Dynamics Simulation in Nanoscale Heat Transfer: A Review.},
 journal={Microscale Thermophys. Eng},
 volume={7 },
 year={2003},
 pages={181.},
}

@ARTICLE{MD2,
 author={Z. Zhong , X. Wang , and J. Xu.},
 title={Equilibrium Molecular Dynamics Study of Phonon Thermal Transport in Nanomaterials.},
 journal={Numer. Heat Transfer B},
 volume={17 },
 year={2004},
 pages={429 – 446.},
}

@ARTICLE{BTE1,
 author={S. Mazumdar and A. Majumdar.},
 title={Monte Carlo Study of Phonon Transport in Solid Thin Films including Dispersion and Polarization},
 journal={J. Heat Transfer},
 volume={123 },
 year={2001},
 pages={749.},
}

@ARTICLE{BTE2,
 author={S. Srinivasan , R. Miller , and E. Marotta.},
 title={Parallel Computation of the Boltzmann Transport Equation for Microscale Heat Transfer in Multilayered Thin Films.},
 journal={ Numer. Heat Transfer B },
 volume={46 },
 year={2004},
 pages={ 31 – 58.},
}

@ARTICLE{Angelesc,
 author={D. Angelescu , M. Cross , and M. Roukes.},
 title={Heat Transport in Mesoscopic Systems.},
 journal={ Superlattices Microstruct},
 volume={23 },
 year={1998},
 pages={ 678.},
}


@ARTICLE{AMM,
 author={W. Little.},
 title={The Transport of Heat between Dissimilar Solids at Low Temperatur.},
 journal={ Can. J. Phys},
 volume={37 },
 year={1959},
 pages={ 334.},
}


@ARTICLE{DMM,
 author={E. Swartz and R. Pohl.},
 title={Thermal Boundary Resistance .},
 journal={Rev. Mod. Phys},
 volume={61 },
 year={1989},
 pages={ 605.},
}

@ARTICLE{Stevens,
 author={R. Stevens , A. Smith , and P. Norris.},
 title={Measurement of Thermal Boundary Conductance of a Series of Metal-Dielectric Interfaces by the Transient Thermoreflectance Technique .},
 journal={ J. Heat Transfer },
 volume={127 },
 year={2005},
 pages={ 315.},
}

@ARTICLE{Buldum,
 author={A. Buldum , S. Ciraci , and C Fong.},
 title={Quantum Heat Transfer through an Atomic Wire.},
 journal={Phys. Condensed Matters },
 volume={12 },
 year={2000},
 pages={  3349.},
}




@ARTICLE{Reviewnano,
 author={Cahill, David G., et al.},
 title={Nanoscale thermal transport.},
 journal={Journal of applied physics },
 volume={93.2 },
 year={2003},
 pages={  793-818.},
}


@ARTICLE{KR,
 author={Maiti, A., G. D. Mahan, and S. T. Pantelides.},
 title={Dynamical simulations of nonequilibrium processes—Heat flow and the Kapitza resistance across grain boundaries.},
 journal={Solid state communications  },
 volume={102.7 },
 year={1997},
 pages={517-521.},
}

@ARTICLE{Fan,
 author={Fan, Hai-Bo, Kai Zhang, and Matthew MF Yuen.},
 title={The interfacial thermal conductance between a vertical single-wall carbon nanotube and a silicon substrate.},
 journal={Journal of applied physics  },
 volume={106.3 },
 year={2009},
 pages={034307.},
}

@ARTICLE{MDin1,
 author={Huang, Xiaopeng, Xinwei Wang, and Bruce Cook.},
 title={Coherent nanointerfaces in thermoelectric materials.},
 journal={The Journal of Physical Chemistry C},
 volume={114.49 },
 year={2010},
 pages={21003-21012.},
}

@ARTICLE{MDin2,
 author={Shin, Seungha, et al.},
 title={Roles of atomic restructuring in interfacial phonon transport.},
 journal={Physical Review B},
 volume={82.8 },
 year={2010},
 pages={081302.},
}

@ARTICLE{MDin3,
 author={Stevens, Robert J., Leonid V. Zhigilei, and Pamela M. Norris. },
 title={Effects of temperature and disorder on thermal boundary conductance at solid–solid interfaces: Nonequilibrium molecular dynamics simulations.},
 journal={ International Journal of Heat and Mass Transfer   },
 volume={50.19 },
 year={2007},
 pages={3977-3989.},
}

@ARTICLE{Li,
 author={Li, Xiaobo, and Ronggui Yang. },
 title={Effect of lattice mismatch on phonon transmission and interface thermal conductance across dissimilar material interfaces.},
 journal={Physical Review B},
 volume={86.5},
 year={2012},
 pages={054305.},
}

@ARTICLE{IC,
 author={Hassan, Zyad, et al.},
 title={Multiscale thermal analysis for nanometer-scale integrated circuits.},
 journal={IEEE Transactions on Computer-Aided Design of Integrated Circuits and Systems},
 volume={28.6},
 year={2009},
 pages={860-873.},
}

@ARTICLE{YangNano,
 author={Yang, Ronggui, Gang Chen, and Mildred S. Dresselhaus.},
 title={Thermal conductivity of simple and tubular nanowire composites in the longitudinal direction.},
 journal={Physical Review B},
 volume={72.12},
 year={2015},
 pages={125418.},
}

@ARTICLE{LD1,
 author={Liu, Liang-Chun, et al.},
 title={Curvature effect on the phonon thermal conductivity of dielectric nanowires.},
 journal={ournal of Applied Physics},
 volume={105.10},
 year={2009},
 pages={104313},
}

@ARTICLE{LD2,
 author={Tian, Weixue, and Ronggui Yang.},
 title={Effect of interface scattering on phonon thermal conductivity percolation in random nanowire composites.},
 journal={Applied physics letters },
 volume={90.26},
 year={2007},
 pages={263105.},
}

@ARTICLE{heterostructures,
 author={Zhang, W., T. S. Fisher, and Natalio Mingo. },
 title={Simulation of interfacial phonon transport in Si–Ge heterostructures using an atomistic Green’s function method.},
 journal={Journal of heat transfer },
 volume={129.4},
 year={2007},
 pages={483-491.},
}

@ARTICLE{Datta,
 author={Datta, Supriyo. },
 title={Nanoscale device modeling: the Green’s function method.},
 journal={Superlattices and microstructures},
 volume={28.4},
 year={2000},
 pages={253-278.},
}



@ARTICLE{Anharmonic,
 author={Mingo, N.},
 title={Anharmonic phonon flow through molecular-sized junctions.},
 journal={Physical Review B},
 volume={74.12},
 year={2006},
 pages={125402.},
}

@ARTICLE{ChenGangGreen,
 author={Tian, Zhiting, Keivan Esfarjani, and Gang Chen.},
 title={Green's function studies of phonon transport across Si/Ge superlattices.},
 journal={Physical Review B},
 volume={89.23},
 year={2014},
 pages={235307.},
}



@ARTICLE{coherent,
 author={Luckyanova, Maria N., et al.},
 title={Coherent phonon heat conduction in superlattices.},
 journal={Science},
 volume={338.6109},
 year={2012},
 pages={936-939.},
}

@ARTICLE{thermoelectic,
 author={Tian, Zhiting, Sangyeop Lee, and Gang Chen. },
 title={Heat transfer in thermoelectric materials and devices.},
 journal={Journal of Heat Transfer },
 volume={135.6},
 year={2013},
 pages={061605.},
}

@ARTICLE{ChengangMRS,
 author={Chen, G., M. Neagu, and T. Borca-Tasciuc.},
 title={Thermal conductivity and heat transfer in superlattices.},
 journal={MRS Online Proceedings Library Archive},
 volume={478 },
 year={1997},
}

@ARTICLE{cross1,
 author={Simkin, M. V., and G. D. Mahan.},
 title={Minimum thermal conductivity of superlattices.},
 journal={Physical Review Letters },
 volume={84.5},
 year={2000},
 pages={927.},
}

@ARTICLE{cross2,
 author={Yang, Bao, and Gang Chen.},
 title={Partially coherent phonon heat conduction in superlattices.},
 journal={Physical Review B},
 volume={67.19},
 year={2003}
 pages={195311.}
}

@ARTICLE{Fermi1,
 author={Garg, Jivtesh, Nicola Bonini, and Nicola Marzari. },
 title={High thermal conductivity in short-period superlattices.},
 journal={Nano letters.},
 volume={11.12},
 year={2011},
 pages={5135-5141.},
}

@ARTICLE{Fermi2,
 author={Landry, E. S., and A. J. H. McGaughey.},
 title={Effect of interfacial species mixing on phonon transport in semiconductor superlattices.},
 journal={Physical Review B},
 volume={79.7},
 year={2009}
 pages={075316.}
}


@ARTICLE{ChengangFristprincle,
 author={Tian, Zhiting, Keivan Esfarjani, and Gang Chen.},
 title={Enhancing phonon transmission across a Si/Ge interface by atomic roughness: First-principles study with the Green's function method.},
 journal={Physical Review B},
 volume={86.23},
 year={2012}
 pages={235304.}
}

@ARTICLE{harmonic1,
 author={Hopkins, Patrick E., and Justin R. Serrano.},
 title={Phonon localization and thermal rectification in asymmetric harmonic chains using a nonequilibrium Green’s function formalism.},
 journal={Physical Review B},
 volume={80.20},
 year={2009}
 pages={201408.}
}

@ARTICLE{harmonic2,
 author={Hu, Lin, et al.},
 title={Phonon interference at self-assembled monolayer interfaces: Molecular dynamics simulations.},
 journal={Physical Review B},
 volume={81.23},
 year={2010}
 pages={235427.}
}

@ARTICLE{harmonicexperiment,
 author={Borca-Tasciuc, Theodorian, et al.},
 title={hermal conductivity of symmetrically strained Si/Ge superlattices.},
 journal={Superlattices and microstructures},
 volume={28.3},
 year={2000}
 pages={199-20.}
}

@ARTICLE{harmonicsimulation1,
 author={Garg, Jivtesh, Nicola Bonini, and Nicola Marzari.},
 title={High thermal conductivity in short-period superlattices.},
 journal={Nano letters },
 volume={11.12},
 year={2011}
 pages={5135-5141.}
}

@article{harmonicsimulation2,
  title={Effect of interfacial species mixing on phonon transport in semiconductor superlattices},
  author={Landry, ES and McGaughey, AJH},
  journal={Physical Review B},
  volume={79},
  number={7},
  pages={075316},
  year={2009},
}

@article{ATK1,
  title={Numerical Simulation in Molecular Dynamics: Numerics, Algorithms, Parallelization, Applications (Texts in Computational Science and Engineering)},
  author={Griebel, Michael and Knapek, Stephan and Zumbusch, Gerhard},
  journal={Springer, September},
  volume={2},
  pages={1--3},
  year={2007}
}

@article{ATK2,
  title={Density-functional method for nonequilibrium electron transport},
  author={Brandbyge, Mads and Mozos, Jos{\'e}-Luis and Ordej{\'o}n, Pablo and Taylor, Jeremy and Stokbro, Kurt},
  journal={Physical Review B},
  volume={65},
  number={16},
  pages={165401},
  year={2002},
  publisher={APS}
}

@article{ATK3,
  title={The SIESTA method for ab initio order-N materials simulation},
  author={Soler, Jos{\'e} M and Artacho, Emilio and Gale, Julian D and Garc{\'\i}a, Alberto and Junquera, Javier and Ordej{\'o}n, Pablo and S{\'a}nchez-Portal, Daniel},
  journal={Journal of Physics: Condensed Matter},
  volume={14},
  number={11},
  pages={2745},
  year={2002},
  publisher={IOP Publishing}
}

@article{ATK4,
  title={Molecular dynamics simulations of the elastic moduli of polymer--carbon nanotube composites},
  author={Griebel, Michael and Hamaekers, Jan},
  journal={Computer methods in applied mechanics and engineering},
  volume={193},
  number={17},
  pages={1773--1788},
  year={2004},
  publisher={Elsevier}
}

@article{hua0,
  title={The effective thermal conductivity of ballistic--diffusive heat conduction in nanostructures with internal heat source},
  author={Hua, Yu-Chao and Cao, Bing-Yang},
  journal={International Journal of Heat and Mass Transfer},
  volume={92},
  pages={995--1003},
  year={2016},
  publisher={Elsevier}
}

@article{hua1,
  title={Phonon ballistic-diffusive heat conduction in silicon nanofilms by Monte Carlo simulations},
  author={Hua, Yu-Chao and Cao, Bing-Yang},
  journal={International Journal of Heat and Mass Transfer},
  volume={78},
  pages={755--759},
  year={2014},
  publisher={Elsevier}
}

@article{Dames,
  title={Advances in thermal conductivity},
  author={Toberer, Eric S and Baranowski, Lauryn L and Dames, Chris},
  journal={Annual Review of Materials Research},
  volume={42},
  pages={179--209},
  year={2012},
  publisher={Annual Reviews}
}

@article{hua2,
  title={Ballistic-diffusive heat conduction in multiply-constrained nanostructures},
  author={Hua, Yu-Chao and Cao, Bing-Yang},
  journal={International Journal of Thermal Sciences},
  volume={101},
  pages={126--132},
  year={2016},
  publisher={Elsevier}
}

@article{Desai,
  title={MoS2 transistors with 1-nanometer gate lengths},
  author={Desai, Sujay B and Madhvapathy, Surabhi R and Sachid, Angada B and Llinas, Juan Pablo and Wang, Qingxiao and Ahn, Geun Ho and Pitner, Gregory and Kim, Moon J and Bokor, Jeffrey and Hu, Chenming and others},
  journal={Science},
  volume={354},
  number={6308},
  pages={99--102},
  year={2016},
  publisher={American Association for the Advancement of Science}
}

@article{Flik,
  title={Heat transfer regimes in microstructures},
  author={Flik, MI and Choi, BI and Goodson, KE},
  journal={ASME J. Heat Transfer},
  volume={114},
  pages={666--674},
  year={1992}
}

@book{Bolt,
  title={An introduction to the theory of the Boltzmann equation},
  author={Harris, Stewart},
  year={2004},
  publisher={Courier Corporation}
}

@article{chandler,
  title={Introduction to modern statistical mechanics},
  author={Chandler, David},
  journal={Introduction to Modern Statistical Mechanics, by David Chandler, pp. 288. Foreword by David Chandler. Oxford University Press, Sep 1987. ISBN-10: 0195042778. ISBN-13: 9780195042771},
  pages={288},
  year={1987}
}

@inproceedings{hua3,
  title={Transient in-plane thermal transport in nanofilms with internal heating},
  author={Hua, Yu-Chao and Cao, Bing-Yang},
  booktitle={Proc. R. Soc. A},
  volume={472},
  number={2186},
  pages={20150811},
  year={2016},
  organization={The Royal Society}
}

@article{Lu,
  title={Size effect on the thermal conductivity of nanowires},
  author={L{\"u}, X and Shen, WZ and Chu, JH},
  journal={Journal of applied physics},
  volume={91},
  number={3},
  pages={1542--1552},
  year={2002},
  publisher={AIP}
}

@article{Amon,
  title={Size-dependent model for thin film and nanowire thermal conductivity},
  author={McGaughey, Alan JH and Landry, Eric S and Sellan, Daniel P and Amon, Cristina H},
  journal={Applied Physics Letters},
  volume={99},
  number={13},
  pages={131904},
  year={2011},
  publisher={AIP}
}

@article{Li,
  title={Thermal conductivity of individual silicon nanowires},
  author={Li, Deyu and Wu, Yiying and Kim, Philip and Shi, Li and Yang, Peidong and Majumdar, Arun},
  journal={Applied Physics Letters},
  volume={83},
  number={14},
  pages={2934--2936},
  year={2003},
  publisher={AIP}
}


@article{hsiao2013observation,
  title={Observation of room-temperature ballistic thermal conduction persisting over 8.3 [micro] m in SiGe nanowires},
  author={Hsiao, Tzu-Kan and Chang, Hsu-Kai and Liou, Sz-Chian and Chu, Ming-Wen and Lee, Si-Chen and Chang, Chih-Wei},
  journal={Nature nanotechnology},
  volume={8},
  number={7},
  pages={534--538},
  year={2013},
  publisher={Nature Research}
}
@article{Jo,
  title={Direct measurement of room-temperature nondiffusive thermal transport over micron distances in a silicon membrane},
  author={Johnson, Jeremy A and Maznev, AA and Cuffe, John and Eliason, Jeffrey K and Minnich, Austin J and Kehoe, Timothy and Torres, Clivia M Sotomayor and Chen, Gang and Nelson, Keith A},
  journal={Physical review letters},
  volume={110},
  number={2},
  pages={025901},
  year={2013},
  publisher={APS}
}

@article{MD,
  title={The art of molecular dynamics simulation},
  author={Rapaport, Dennis C and Blumberg, Robin L and McKay, Susan R and Christian, Wolfgang and others},
  journal={Computers in Physics},
  volume={10},
  number={5},
  pages={456--456},
  year={1996},
  publisher={AIP Publishing}
}

@article{LB,
  title={Lattice-Boltzmann modeling of phonon hydrodynamics},
  author={Jiaung, Wen-Shu and Ho, Jeng-Rong},
  journal={Physical Review E},
  volume={77},
  number={6},
  pages={066710},
  year={2008},
  publisher={APS}
}

@article{KL,
  title={Phonon radiative heat transfer and surface scattering},
  author={Klitsner, Tom and VanCleve, JE and Fischer, Henry E and Pohl, RO},
  journal={Physical Review B},
  volume={38},
  number={11},
  pages={7576},
  year={1988},
  publisher={APS}
}



@article{wongMC,
  title={A Monte Carlo simulation for phonon transport within silicon structures at nanoscales with heat generation},
  author={Wong, Basil T and Francoeur, Mathieu and Meng{\"u}{\c{c}}, M Pinar},
  journal={International Journal of Heat and Mass Transfer},
  volume={54},
  number={9},
  pages={1825--1838},
  year={2011},
  publisher={Elsevier}
}

@article{brockhouse,
  title={Lattice vibrations in silicon and germanium},
  author={Brockhouse, BN},
  journal={Physical Review Letters},
  volume={2},
  number={6},
  pages={256},
  year={1959},
  publisher={APS}
}

@article{tersoff1988new,
  title={New empirical approach for the structure and energy of covalent systems},
  author={Tersoff, Jerry},
  journal={Physical Review B},
  volume={37},
  number={12},
  pages={6991},
  year={1988},
  publisher={APS}
}

@article{mixing1,
  title={Structural properties of amorphous silicon nitride},
  author={de Brito Mota, F and Justo, JF and Fazzio, A},
  journal={Physical Review B},
  volume={58},
  number={13},
  pages={8323},
  year={1998},
  publisher={APS}
}

@article{mixing2,
  title={Modeling solid-state chemistry: Interatomic potentials for multicomponent systems},
  author={Tersoff, J},
  journal={Physical Review B},
  volume={39},
  number={8},
  pages={5566},
  year={1989},
  publisher={APS}
}

@article{mixing3,
  title={The stopping and range of ions in solids},
  author={Biersack, JP and Ziegler, James F},
  pages={122--156},
  year={1982},
  publisher={Springer}
}

@book{DFT1,
  title={Density functional theory of atoms and molecules},
  author={Parr, Robert G},
  pages={5--15},
  year={1980},
  publisher={Springer}
}

@article{DFT2,
  title={Time-dependent density functional theory: Past, present, and future},
  author={Burke, Kieron and Werschnik, Jan and Gross, EKU},
  journal={The Journal of Chemical Physics},
  volume={123},
  number={6},
  pages={062206},
  year={2005},
  publisher={AIP}
}

@article{DFT0,
  title={Modeling Heat Conduction from First-Principles},
  author={Esfarjani, Keivan and Garg, Jivtesh and Chen, Gang},
  journal={Ann. Rev. Heat Transfer},
  volume={17},
  pages={9--47},
  year={2014}
}

@misc{sakuraimodern,
  title={Modern quantum mechanics, revised edition},
  author={Sakurai, Jun John and Commins, Eugene D},
  year={1995},
  publisher={AAPT}
}

@article{Lagrangianmethod,
  title={Self-consistent equations including exchange and correlation effects},
  author={Kohn, Walter and Sham, Lu Jeu},
  journal={Physical review},
  volume={140},
  number={4A},
  pages={A1133},
  year={1965},
  publisher={APS}
}

@article{DFTnutshell,
  title={DFT in a nutshell},
  author={Burke, Kieron and Wagner, Lucas O},
  journal={International Journal of Quantum Chemistry},
  volume={113},
  number={2},
  pages={96--101},
  year={2013},
  publisher={Wiley Online Library}
}

@article{TeroffIIIV,
  title={Optimized Tersoff potential parameters for tetrahedrally bonded III-V semiconductors},
  author={Powell, D and Migliorato, MA and Cullis, AG},
  journal={Physical Review B},
  volume={75},
  number={11},
  pages={115202},
  year={2007},
  publisher={APS}
}

@article{tersoffwork1,
  title={Dynamic nuclear spin polarization in the resonant laser excitation of an InGaAs quantum dot},
  author={H{\"o}gele, A and Kroner, M and Latta, C and Claassen, M and Carusotto, I and Bulutay, C and Imamoglu, A},
  journal={Physical review letters},
  volume={108},
  number={19},
  pages={197403},
  year={2012},
  publisher={APS}
}

@article{tersoffwork2,
  title={Quadrupolar spectra of nuclear spins in strained In x Ga 1- x As quantum dots},
  author={Bulutay, Ceyhun},
  journal={Physical Review B},
  volume={85},
  number={11},
  pages={115313},
  year={2012},
  publisher={APS}
}

@article{teroffwork3,
  title={Interatomic potentials for the vibrational properties of III-V semiconductor nanostructures},
  author={Han, Peng and Bester, Gabriel},
  journal={Physical Review B},
  volume={83},
  number={17},
  pages={174304},
  year={2011},
  publisher={APS}
}

@article{tersoffwork4,
  title={An important mechanism for thermal rectification in graded nanowires},
  author={Liu, Yue-Yang and Zhou, Wu-Xing and Tang, Li-Ming and Chen, Ke-Qiu},
  journal={Applied Physics Letters},
  volume={105},
  number={20},
  pages={203111},
  year={2014},
  publisher={AIP Publishing}
}

@article{cahill2014nanoscale,
  title={Nanoscale thermal transport. II. 2003--2012},
  author={Cahill, David G and Braun, Paul V and Chen, Gang and Clarke, David R and Fan, Shanhui and Goodson, Kenneth E and Keblinski, Pawel and King, William P and Mahan, Gerald D and Majumdar, Arun and others},
  journal={Applied Physics Reviews},
  volume={1},
  number={1},
  pages={011305},
  year={2014},
  publisher={AIP}
}

@book{mingolbook,
  title={Thermal nanosystems and nanomaterials},
  author={Volz, Sebastian},
  volume={118},
  year={2009},
  publisher={Springer Science \& Business Media}
}

@article{mingo2005carbon,
  title={Carbon nanotube ballistic thermal conductance and its limits},
  author={Mingo, N and Broido, DA},
  journal={Physical review letters},
  volume={95},
  number={9},
  pages={096105},
  year={2005},
  publisher={APS}
}

@article{LEDblue,
  title={The Blue LED Nobel Prize: Historical context, current scientific understanding, human benefit},
  author={Tsao, Jeffrey Y and Han, Jung and Haitz, Roland H and Pattison, P Morgan},
  journal={Annalen der Physik},
  volume={527},
  number={5-6},
  year={2015},
  publisher={Wiley Online Library}
}

@article{LEDworld,
  title={The world's appetite for light: empirical data and trends spanning three centuries and six continents},
  author={Tsao, Jeffrey Y and Waide, Paul},
  journal={Leukos},
  volume={6},
  number={4},
  pages={259--281},
  year={2010},
  publisher={Taylor \& Francis}
}

@article{pop2010energy,
  title={Energy dissipation and transport in nanoscale devices},
  author={Pop, Eric},
  journal={Nano Research},
  volume={3},
  number={3},
  pages={147--169},
  year={2010},
  publisher={Springer}
}

@article{tien1994challenges,
  title={Challenges in microscale conductive and radiative heat transfer},
  author={Tien, Chang-Lin and Chen, Gang},
  journal={Journal of heat transfer},
  volume={116},
  number={4},
  pages={799--807},
  year={1994},
  publisher={American Society of Mechanical Engineers}
}

@article{min2009thermal,
  title={Thermal analysis and test for single concentrator solar cells},
  author={Min, Cui and Nuofu, Chen and Xiaoli, Yang and Yu, Wang and Yiming, Bai and Xingwang, Zhang},
  journal={Journal of Semiconductors},
  volume={30},
  number={4},
  pages={044011},
  year={2009},
  publisher={IOP Publishing}
}

@article{katz2006effects,
  title={Effects of ultra-high flux and intensity distribution in multi-junction solar cells},
  author={Katz, Eugene A and Gordon, Jeffrey M and Feuermann, Daniel},
  journal={Progress in Photovoltaics: Research and Applications},
  volume={14},
  number={4},
  pages={297--303},
  year={2006},
  publisher={Wiley Online Library}
}

@article{young1989lattice,
  title={Lattice-dynamical calculation of the Kapitza resistance between fcc lattices},
  author={Young, DA and Maris, HJ},
  journal={Physical review B},
  volume={40},
  number={6},
  pages={3685},
  year={1989},
  publisher={APS}
}

@article{swartz1989thermal,
  title={Thermal boundary resistance},
  author={Swartz, Eric T and Pohl, Robert O},
  journal={Reviews of modern physics},
  volume={61},
  number={3},
  pages={605},
  year={1989},
  publisher={APS}
}

@article{little1959transport,
  title={The transport of heat between dissimilar solids at low temperatures},
  author={Little, WA},
  journal={Canadian Journal of Physics},
  volume={37},
  number={3},
  pages={334--349},
  year={1959},
  publisher={NRC Research Press}
}

@article{yang2004thermal,
  title={Thermal conductivity modeling of periodic two-dimensional nanocomposites},
  author={Yang, Ronggui and Chen, Gang},
  journal={Physical Review B},
  volume={69},
  number={19},
  pages={195316},
  year={2004},
  publisher={APS}
}

@article{yang2005thermal,
  title={Thermal conductivity of simple and tubular nanowire composites in the longitudinal direction},
  author={Yang, Ronggui and Chen, Gang and Dresselhaus, Mildred S},
  journal={Physical Review B},
  volume={72},
  number={12},
  pages={125418},
  year={2005},
  publisher={APS}
}



@article{tian2007effect,
  title={Effect of interface scattering on phonon thermal conductivity percolation in random nanowire composites},
  author={Tian, Weixue and Yang, Ronggui},
  journal={Applied physics letters},
  volume={90},
  number={26},
  pages={263105},
  year={2007},
  publisher={AIP}
}

@article{li2012size,
  title={Size-dependent phonon transmission across dissimilar material interfaces},
  author={Li, Xiaobo and Yang, Ronggui},
  journal={Journal of Physics: Condensed Matter},
  volume={24},
  number={15},
  pages={155302},
  year={2012},
  publisher={IOP Publishing}
}


@article{schelling2002phonon,
  title={Phonon wave-packet dynamics at semiconductor interfaces by molecular-dynamics simulation},
  author={Schelling, PK and Phillpot, SR and Keblinski, P},
  journal={Applied Physics Letters},
  volume={80},
  number={14},
  pages={2484--2486},
  year={2002},
  publisher={AIP}
}

@article{sun2010molecular,
  title={Molecular dynamics simulation of phonon scattering at silicon/germanium interfaces},
  author={Sun, Lin and Murthy, Jayathi Y},
  journal={Journal of Heat Transfer},
  volume={132},
  number={10},
  pages={102403},
  year={2010},
  publisher={American Society of Mechanical Engineers}
}

@article{stoner1992measurements,
  title={Measurements of the Kapitza conductance between diamond and several metals},
  author={Stoner, RJ and Maris, HJ and Anthony, TR and Banholzer, WF},
  journal={Physical Review Letters},
  volume={68},
  number={10},
  pages={1563},
  year={1992},
  publisher={APS}
}

@article{zhao2005lattice,
  title={Lattice-dynamical calculation of phonon scattering at ideal Si--Ge interfaces},
  author={Zhao, H and Freund, JB},
  journal={Journal of applied physics},
  volume={97},
  number={2},
  pages={024903},
  year={2005},
  publisher={AIP}
}

@article{ozpineci2001quantum,
  title={Quantum effects of thermal conductance through atomic chains},
  author={Ozpineci, A and Ciraci, S},
  journal={Physical Review B},
  volume={63},
  number={12},
  pages={125415},
  year={2001},
  publisher={APS}
}

@article{zhao2009phonon,
  title={Phonon scattering at a rough interface between two fcc lattices},
  author={Zhao, Hong and Freund, Jonathan B},
  journal={Journal of Applied Physics},
  volume={105},
  number={1},
  pages={013515},
  year={2009},
  publisher={AIP}
}

@article{dhar2006heat,
  title={Heat transport in harmonic lattices},
  author={Dhar, Abhishek and Roy, Dibyendu},
  journal={Journal of Statistical Physics},
  volume={125},
  number={4},
  pages={801--820},
  year={2006},
  publisher={Springer}
}

@article{ueno2016combo,
  title={COMBO: an efficient bayesian optimization library for materials science},
  author={Ueno, Tsuyoshi and Rhone, Trevor David and Hou, Zhufeng and Mizoguchi, Teruyasu and Tsuda, Koji},
  journal={Materials Discovery},
  volume={4},
  pages={18--21},
  year={2016},
  publisher={Elsevier}
}

@article{ju2017designing,
  title={Designing Nanostructures for Phonon Transport via Bayesian Optimization},
  author={Ju, Shenghong and Shiga, Takuma and Feng, Lei and Hou, Zhufeng and Tsuda, Koji and Shiomi, Junichiro},
  journal={Physical Review X},
  volume={7},
  number={2},
  pages={021024},
  year={2017},
  publisher={APS}
}

@article{rajan2015materials,
  title={Materials informatics: The materials “gene” and big data},
  author={Rajan, Krishna},
  journal={Annual Review of Materials Research},
  volume={45},
  pages={153--169},
  year={2015},
  publisher={Annual Reviews}
}

@article{agrawal2016perspective,
  title={Perspective: materials informatics and big data: realization of the “fourth paradigm” of science in materials science},
  author={Agrawal, Ankit and Choudhary, Alok},
  journal={APL Materials},
  volume={4},
  number={5},
  pages={053208},
  year={2016},
  publisher={AIP Publishing}
}

@article{carrete2014finding,
  title={Finding unprecedentedly low-thermal-conductivity half-Heusler semiconductors via high-throughput materials modeling},
  author={Carrete, Jes{\'u}s and Li, Wu and Mingo, Natalio and Wang, Shidong and Curtarolo, Stefano},
  journal={Physical Review X},
  volume={4},
  number={1},
  pages={011019},
  year={2014},
  publisher={APS}
}

@inproceedings{snoek2012practical,
  title={Practical bayesian optimization of machine learning algorithms},
  author={Snoek, Jasper and Larochelle, Hugo and Adams, Ryan P},
  booktitle={Advances in neural information processing systems},
  pages={2951--2959},
  year={2012}
}

@book{rasmussen2006gaussian,
  title={Gaussian processes for machine learning},
  author={Rasmussen, Carl Edward and Williams, Christopher KI},
  volume={1},
  year={2006},
  publisher={MIT press Cambridge}
}

@article{brochu2010tutorial,
  title={A tutorial on Bayesian optimization of expensive cost functions, with application to active user modeling and hierarchical reinforcement learning},
  author={Brochu, Eric and Cora, Vlad M and De Freitas, Nando},
  journal={arXiv preprint arXiv:1012.2599},
  year={2010}
}

@article{ueno2016combo,
  title={COMBO: an efficient bayesian optimization library for materials science},
  author={Ueno, Tsuyoshi and Rhone, Trevor David and Hou, Zhufeng and Mizoguchi, Teruyasu and Tsuda, Koji},
  journal={Materials Discovery},
  volume={4},
  pages={18--21},
  year={2016},
  publisher={Elsevier}
}

@article{jones2001taxonomy,
  title={A taxonomy of global optimization methods based on response surfaces},
  author={Jones, Donald R},
  journal={Journal of global optimization},
  volume={21},
  number={4},
  pages={345--383},
  year={2001},
  publisher={Springer}
}


@inproceedings{yang2015carte,
  title={A la
Carte–Learning Fast Kernels, in Proceedings of the Eighteenth International Conference on Artificial Intelligence
and Statistics},
  author={ Z. Yang, A. J. Smola, L. Song, and A. G. Wilson},
  booktitle={Journal of Machine Learning Research:
Workshop and Conference Proceedings, San Diego, CA},
  pages={1098--1106},
  year={2015}
}

@inproceedings{rahimi2008random,
  title={Random features for large-scale kernel machines},
  author={Rahimi, Ali and Recht, Benjamin},
  booktitle={Advances in neural information processing systems},
  pages={1177--1184},
  year={2008}
}

@article{zhan2017prediction,
  title={Prediction of thermal boundary resistance by the machine learning method},
  author={Zhan, Tianzhuo and Fang, Lei and Xu, Yibin},
  journal={Scientific Reports},
  volume={7},
  year={2017},
  publisher={Nature Publishing Group}
}

@article{hua2017slip,
  title={Slip Boundary Conditions in Ballistic--Diffusive Heat Transport in Nanostructures},
  author={Hua, Yu-Chao and Cao, Bing-Yang},
  journal={Nanoscale and Microscale Thermophysical Engineering},
  volume={21},
  number={3},
  pages={159--176},
  year={2017},
  publisher={Taylor \& Francis}
}
% ------------------------------------------------------------------------